@article{byrd2010relational,
  title={Relational programming in miniKanren: techniques, applications, and implementations},
  author={Byrd, William E},
  year={2010},
  publisher={[Bloomington, Ind.]: Indiana University}
}
